@book{sommerville2008engenharia,
  title={Engenharia de software (8a. ed.).},
  author={Sommerville, I. and Arakaki, R. and Melnikoff, S.S.S.},
  isbn={9781512941418},
  url={https://books.google.com.br/books?id=9hxktAEACAAJ},
  year={2008},
  publisher={Pearson Educaci{\'o}n}
}

@book{coelho2007fotogrametria,
  title={Fotogrametria digital},
  author={Coelho, L. and Brito, J.N.},
  isbn={9788575111147},
  url={https://books.google.com.br/books?id=jVYENQAACAAJ},
  year={2007},
  publisher={EDUERJ}
}

@article{devauxteste,
  title={TESTE DO M{\'O}DULO DE RESTITUI{\c{C}}{\~A}O FOTOGRAM{\'E}TRICA DIGITAL EDUCACIONAL E-FOTO},
  author={Devaux, Al. Marielle and Carneiro, Al. Nat{\'a}lia C.},
  year={2008}
}

@article{tramontina69analise,
  title={AN{\'A}LISE DE USABILIDADE DA PLATAFORMA FOTOGRAM{\'E}TRICA EDUCACIONAL E-FOTO PARA O ENSINO DA FOTOGRAMETRIA DIGITAL},
  author={Tramontina, Juliana and Costa, Camila C. and Correa, Aruna N. and Pegoraro, Antoninho Jo{\~a}o},
  journal={Revista Brasileira de Cartografia},
  volume={69},
  number={6},
  Pages={1029-1040},
  year={2017}
}

@article{meneses2012introduccao,
  title={Introdu{\c{c}}{\~a}o ao processamento de imagens de sensoriamento remoto},
  author={Meneses, Paulo R. and Almeida, Tati de and others},
  journal={Universidade de Bras{\'\i}lia, Bras{\'\i}lia},
  year={2012}
}

@book{florenzano2007iniciaccao,
  title={Inicia{\c{c}}{\~a}o em sensoriamento remoto},
  author={Florenzano, Teresa G.},
  year={2007},
  publisher={Oficina de textos}
}

@article{herring2010opengis,
  title={Opengis implementation standard for geographic information-simple feature access-part 2: Sql option},
  author={Herring, John R.},
  journal={Open Geospatial Consortium Inc},
  pages={439},
  year={2010}
}

@article{borges2005modelagem,
  title={Modelagem conceitual de dados geogr{\'a}ficos},
  author={Borges, Karla AV. and Davis Jr., Clodoveu A. and Laender, Alberto HF.},
  journal={Banco de Dados Geogr{\'a}fico. MundoGEO: Curitiba},
  pages={83--136},
  year={2005}
}

%verificar isso volume
@book{silberschatz2011database,
  title={Database system concepts},
  author={Silberschatz, Abraham and Korth, Henry F. and Sudarshan, Shashank and others},
  volume={6},
  year={2011},
  publisher={McGraw-Hill New York}
}

%verificar isso volume
@book{lillesand2015remote,
  title={Remote sensing and image interpretation},
  author={Lillesand, Thomas and Kiefer, Ralph W. and Chipman, Jonathan},
  volume={5},
  year={2012},
  publisher={John Wiley \& Sons}
}

@book{date2011sql,
  title={SQL and relational theory: how to write accurate SQL code},
  author={Date, Christopher J.},
  year={2011},
  publisher={" O'Reilly Media, Inc."}
}
%verificar isso volume

@book{lightstone2013projeto,
  title={Projeto e Modelagem de Banco de Dados: Tradu{\c{c}}{\~a}o da 5a Edi{\c{c}}{\~a}o},
  author={Lightstone, Sam S. and Teorey, Toby J. and Nadeau, Tom and Jagadish, HV},
  volume={2},
  year={2014},
  publisher={Elsevier Brasil}
}

@mastersthesis{aguiar2010:desc,
author = " Aguiar, Rafael A. and Badolato, Irving S.",
address = "Rio de Janeiro",
institution = "Departamento de Engenharia de Sistemas e Computa{\c{c}}{\~a}o, FEN, UERJ",
school = "Departamento de Engenharia de Sistemas e Computa{\c{c}}{\~a}o, UERJ",
title = "{A} {I}ntegra{\c{c}}{\~a}o do {S}oftware {E}-{F}oto em um {A}mbiente de {D}esenvolvimento {XP}",
type = "BSTHESIS",
year = "2010",
}

%=======================================================
@article{aquiar2007google,
  title={Google e o Aerolevantamento},
  author={Aguiar, Valter X.},
  journal={Associa{\c{c}}{\~{a}}o Nacional de Empresas de Aerolevantamentos(ANEA)},
  pages={2},
  year={2007}
}

@book{projeto1999dalmolin,
  title={Projeto Fotogram{\'{e}}trico},
  author={Dalmolin, Quintino},
  year={1999},
  publisher={"Imprensa Universit{\'{a}}ria da UFPR"}
}
%verificar isso volume

@book{wolf2014elements,
  title={Elements of photogrammetry: with applications in GIS},
  author={Wolf, Paul R. and Dewitt, Bon A.},
  volume={4},
  year={2014},
  publisher={McGraw-Hill New York}
}

@book{fitz2008cartografia,
  title={Cartografia b{\'a}sica},
  author={Fitz, P.R.},
  isbn={9788579750892},
  url={https://books.google.com.br/books?id=AVSXBAAAQBAJ},
  year={2008},
  publisher={Oficina de Textos}
}

@book{fitz2018geoprocessamento,
  title={Geoprocessamento sem complica{\c{c}}{\~a}o},
  author={Fitz, P.R.},
  isbn={9788579750489},
  url={https://books.google.com.br/books?id=eiJHDwAAQBAJ},
  year={2018},
  publisher={Oficina de Textos}
}

@book{teorey2014projeto,
  title={Projeto e Modelagem de Banco de Dados},
  author={Teorey, T. and Lightstone, S. and Nadeau, T. and Jagadish, H.},
  isbn={9788535264456},
  url={https://books.google.com.br/books?id=rE2ijwEACAAJ},
  year={2014},
  publisher={Elsevier}
}

@book{korth2010database,
  title={Database System Concepts},
  author={Korth, H.F. and Sudarshan, S. and Abraham Silberschatz, P.},
  isbn={9780073523323},
  lccn={2009039039},
  url={https://books.google.com.br/books?id=re4YQAAACAAJ},
  year={2010},
  publisher={McGraw-Hill Education}
}

@book{taylor2016sql,
  title={SQL para leigos},
  author={Taylor, Allen G.},
  year={2016},
  publisher={Alta Books Editora}
}

@book{navathe2011fundamentals,
  title={Fundamentals of Database Systems},
  author={Navathe, S.B. and Elmasri, R.},
  isbn={9780133001655},
  url={https://books.google.com.br/books?id=9SsrAAAAQBAJ},
  year={2011},
  publisher={Pearson Education}
}

@misc{efotoWorkflow,
  organization = {E-foto Workflow},
  title = {Tutoriais - efoto},
  url = {http://www.efoto.eng.uerj.br/aprenda2/tutoriais},
  year = {2019},
  urlaccessdate = {28 out. 2019}
}

@misc{admirdoresdafisica,
  organization = {Espectro Eletromagn{\'{e}}tico},
  title = {Admiradores da f{\'{i}}sica: Espectro eletromagn{\'{e}}tico},
  url = {http://admiradoresdafisica.blogspot.com/2012/03/espectro-eletromagnetico.html},
  year = {2019},
  urlaccessdate = {25 out. 2019}
}

@misc{sensoriamentoremotoweb,
  organization = {Geoaplicada},
  title = {Admiradores da f{\'{i}}sica: Espectro eletromagn{\'{e}}tico},
  url = {https://www.geoaplicada.com/blog/sensoriamento-remoto/},
  year = {2019},
  urlaccessdate = {26 out. 2019}
}

%precisa mudar de artigo para book essa bibliografia
@article{barcelarbanco,
  title={BANCO DE DADOS},
  author={Barcelar, Ricardo R.},
  year={2012}
}

@BOOK {heuser1998projeto,
    author    = "Heuser, Carlos A.",
    title     = "Projeto de banco de dados: Volume 4 da S{\'{e}}rie Livros did{\'{a}}ticos inform{\'{a}}tica UFRGS",
    publisher = "Sagra Luzzatto",
    year      = "1998",
    edition    = "fourth"
}

@BOOK {carvalho2015mysql,
    author    = " Carvalho, Vin√≠cius",
    title     = "MySQL: Comece com o principal banco de dados open source do mercado",
    publisher = "Casa do Codigo",
    year      = "2015"
}

@MISC {alexandruk2011modelagem,
    author       = "Alexandruk, Marcos",
    title        = "Modelagem de Banco de Dados",
    howpublished = "Apostila",
    year         = "2011"
}

@BOOK {date1989introducao,
    author    = "Date, C. J.",
    title     = "Introdu{\c{c}}{\~{a}}o a Sistema de Banco de Dados",
    publisher = "Editora Campus Ltda.",
    year      = "1989",
    edition   = "seventh"
}

@MISC {takai2005intro,
    author       = "Takai, O.K. and Italiano, I.C. and Ferreira, J.E.",
    title        = "Introdu{\c{c}}{\~{a}}o a Banco de Dados",
    howpublished = "Apostila",
    year         = "2005"
}

@ARTICLE {guting1994an,
    author  = "G{\"{u}}ting, Ralf H. ",
    title   = "An Introduction to Spatial Database Systems",
    journal = "VLDB Journal",
    year    = "1994",
    volume  = "3",
    pages   = "357-399"
}

@misc{clickgeosgbd,
  organization = {Clickgeo - Cursos de Geotecnologias},
  title = {Compara{\c{c}}{\~{a}}o entre SGBD com Extens{\~{a}}o Espacial},
  url = {http://www.clickgeo.com.br/sgbd-extensao-espacial-postgis-oracle-mysql/},
  year = {2019a},
  urlaccessdate = {05 nov. 2019}
}

@misc{clickgeogeoprocessamento,
  organization = {Clickgeo - Cursos de Geotecnologias},
  title = {Geoprocessamento e Suas Tecnologias: Parte 2},
  url = {http://www.clickgeo.com.br/geotecnologias-parte2/},
  year = {2019b},
  urlaccessdate = {05 nov. 2019}
}

@MISC {badolato2019,
    author       = "Badolato, Irving S.",
    title        = "Processos de Software",
    howpublished = "Notas de Aula",
    year         = "2019a"
}

@book{gordon2006sistemas,
  title={Sistemas de informa{\c{c}}{\~a}o: uma abordagem gerencial},
  author={Gordon, S.R. and Gordon, J.R.},
  isbn={9788521614791},
  url={https://books.google.com.br/books?id=BYS4QwAACAAJ},
  year={2006},
  publisher={LTC}
}

@article{dos2004comparaccao,
  title={Compara{\c{c}}{\~a}o entre metodologias {\'A}geis e tradicionais para o desenvolvimento de software},
  author={Soares, Michel S.},
  journal={INFOCOMP Journal of Computer Science},
  volume={3},
  number={2},
  pages={8--13},
  year={2004}
}

@ARTICLE {keila2010metodologias,
    author  = " Freitas, Keila C. and Magalh{\~{a}}es, Dem{\'{e}}trio R. and Reinaldo, Francisco A. F.",
    title   = "Metodologias de Desenvolvimento de Sistemas",
    journal = "International Conference on Engineering and Technology Education",
    year    = "2010",
    pages   = "402-405"
}

@misc{tech2019waterfall,
  organization = {Tech-Faq},
  title = {The Waterfall Model},
  url = {http://www.tech-faq.com/waterfall-model.html},
  year = {2019},
  urlaccessdate = {12 nov. 2019}
}

@article{borges2006conceitos,
  title={Conceitos e Benef{\'\i}cios do Test Driven Development},
  author={Borges, Eduardo N.},
  journal={Porto Alegre, Rio Grande do Sul, Brasil: Universidade Federal do Rio Grande do Sul (UFRGS). Acesso em},
  volume={16},
  year={2006}
}

@misc{chairat2017,
  author = {Onyaem, Chairat},
  title = {Par's Blog: A Few Exercises for You to Practice Test-Driven Development (TDD)},
  url = {https://pacroy.blogspot.com/2017/01/a-few-exercises-for-you-to-practice.html},
  year = {2017},
  urlaccessdate = {12 nov. 2019}
}

@MISC {badolato2019b,
    author       = "Badolato, Irving S.",
    title        = "Introdu{\c{c}}{\~{a}}o a Engenharia de Sistemas",
    howpublished = "Notas de Aula",
    year         = "2019b"
}

@MISC {souza2014banco,
    author       = "Souza, V{\'{i}}tor E. S.  ",
    title        = "Banco de Dados - An{\'{a}}lise de Requisitos",
    howpublished = "Notas de Aula",
    year         = "2014"
}

@book{leffingwell2000managing,
  title={Managing software requirements: a unified approach},
  author={Leffingwell, Dean and Widrig, Don},
  year={2000},
  publisher={Addison-Wesley Professional}
}

@misc{subplan2014,
  organization = {SUBPLAN },
  title = {Curso para a Gest{\~{a}}o de Processos},
  subtitle = {M{\'{O}}DULO I - Mapeamento e Melhoria de Processos do MP-PR},
  howpublished = {3¬™ Oficina ‚Äì 2¬™ Reuni{\~{a}}o An{\'{a}}lise e Melhoria de Processos},
  year = {2014}
}

@article{queiroz2006tutorial,
  title={Tutorial sobre Bancos de Dados Geogr{\'a}ficos},
  author={Queiroz, Gilberto R. and Ferreira, Karine R.},
  journal={Instituto Nacional de Pesquisas Espaciais: S{\~a}o Jos{\'e} dos Campos},
  year={2006}
}

@article{borges2002modelagem,
  title={Modelagem de dados geogr{\'a}ficos},
  author={Borges, Karla and Davis, Clodoveu},
  journal={Geoprocessamento: teorias e aplica{\c{c}}{\~o}es. 3v},
  volume={3},
  year={2002}
}

@inproceedings{lisboa2001modelagem,
  title={Modelagem de bancos de Dados Geogr{\'a}ficos},
  author={Filho, Jugurta L. and Iochpe, C.},
  booktitle={Apostila do XX Congresso Brasileiro de Cartografia, Porto Alegre},
  year={2001}
}

@ARTICLE {silva2007classesuml,
    author  = "Silva, Paulo C. B.",
    title   = "Utilizando UML: Diagrama de Classes",
    journal = "SQL Magazine",
    year    = "2007a",
    volume  = "63",
    pages   = "10-18"
}

@ARTICLE {silva2007introuml,
    author  = "Silva, Paulo C. B.",
    title   = "Introdu{\c{c}}{\~{a}}o a Linguagem de Modelagem Unificada (UML)",
    journal = "SQL Magazine",
    year    = "2007b",
    volume  = "61",
    pages   = "8-16"
}

@misc{tacla2007analise,
  title={An{\'a}lise e projeto OO \& UML 2.0},
  author={Tacla, Cesar A.},
  year={2007},
  publisher={UTFPR}
}

@book{chonoles2011uml,
  title={UML 2 for Dummies},
  author={Chonoles, Michael Jesse and Schardt, James A},
  year={2011},
  publisher={John Wiley \& Sons}
}

@book{miles2006learning,
  title={Learning UML 2.0},
  author={Miles, Russ and Hamilton, Kim},
  year={2006},
  publisher={" O'Reilly Media, Inc."}
}

@book{pilone2005uml,
  title={UML 2.0 in a Nutshell},
  author={Pilone, Dan and Pitman, Neil},
  year={2005},
  publisher={" O'Reilly Media, Inc."}
}

@BOOK {sommerville2013engenharia,
    author    = "Sommerville, Ian",
    title     = "Engenharia de Software",
    publisher = "Pearson",
    year      = "2013",
    volume    = "3",
    edition   = "ninth"
}

@misc{inde2010,
  organization = {Minist{\'{e}}rio do Planejamento, Or{\c{c}}amento e Gest{\~{a}}o - Comiss{\~{a}}o Nacional de Cartografia },
  title = {Plano de A{\c{c}}{\~{a}}o para Implanta{\c{c}}{\~{a}}o da Infraestrutura Nacional de Dados Espaciais},
  year = {2010}
}

@misc{pmgb2009,
  organization = {CEMG-CONCAR },
  title = {Perfil de Metadados Geoespaciais do Brasil
(Perfil MGB)},
  year = {2009}
}

@misc{iso,
  organization = {ISO},
  title = {International Organization for Standardizatio - About Us},
  url = {https://www.iso.org/about-us.html},
  year = {2019},
  urlaccessdate = {18 nov. 2019}
}

@misc{ogc,
  organization = {OGC},
  title = {Welcome to the Open Geoespacial Concortium},
  url = {https://www.opengeospatial.org/},
  year = {2019},
  urlaccessdate = {18 nov. 2019}
}

@misc{isomodels,
  organization = {International Organization for Standardization - ISO},
  title = {Concepstual Models},
  url = {https://www.isotc211.org/hmmg/HTML/ConceptualModels/},
  urlaccessdate = {10 jun. 2019}
}

@techreport{opengis,
    type = {Standard},
    key = {OGC 06-104r4},
    year = {2010},
    title = {OpenGIS Implementation Specification for Geographic information - Simple feature access - Part 2: SQL option},
    institution = {Open Geospatial Consortium},
    url = {https://www.opengeospatial.org/standards/sfs},
    urlaccessdate = {10 nov. 2019}
}


@article{codd1970relational,
  title={A relational model of data for large shared data banks},
  author={Codd, Edgar F.},
  journal={Communications of the ACM},
  volume={13},
  number={6},
  pages={377--387},
  year={1970},
  publisher={ACM}
}

@article{chen1976entity,
  title={The entity-relationship model‚Äîtoward a unified view of data},
  author={Chen, Peter Pin-Shan},
  journal={ACM Transactions on Database Systems (TODS)},
  volume={1},
  number={1},
  pages={9--36},
  year={1976},
  publisher={Acm}
}

@MISC {santos2013epsg,
    author       = "Santos, Jorge ",
    title        = "Lista dos C{\'{o}}digos EPSG mais utilizados no Brasil",
    howpublished = "http://processamentodigital.com.br/2013/07/27/lista-dos-codigos-epsg-mais-utilizados-no-brasil/",
    year         = "2013",
    urlaccessdate = {22 nov. 2019}
}

@BOOK {moreira2007fundamentos,
    author    = " Moreira, Maur{\'{i}}cio A.",
    title     = "Fundamentos do Sensoriamento Remoto e Metodologias de Aplica{\c{c}}{\~{a}}o",
    publisher = "Editora Universidade Federal de Vi{\c{c}}osa",
    year      = "2007"
}

@misc{RUP,
 author  = "Dutchguilder",
 title   = "Iterative development",
 year    = "2007",
 urlseen = "27-11-19",
 url     = "https://commons.wikimedia.org/wiki/File:Development-iterative.png"
}

@monography{badolato2010,
address={Rio de Janeiro},
author={Badolato, Irving da Silva and Aguiar, Rafael Alves de},
pages={135},
school={Faculdade de Engenharia, UERJ},
title={A Integra{\c{c}}{\~{a}}o do Software E-Foto em um Ambiente de Desenvolvimento XP},
type={Gradua{\c{c}}{\~{a}}o em Engenharia El{\'{e}}trica com {\^{E}}nfase em Sistemas e Computa{\c{c}}{\~{a}}o},
year={2010}
}

@monography{silva2008,
address={Rio de Janeiro},
author={SILVA, R. P.},
pages={135},
school={Faculdade de Engenharia, UERJ},
title={Arquivo XML de Projeto Fotogram{\'{e}}trico e sua Auditoria no Ambiente E-FOTO},
type={Gradua{\c{c}}{\~{a}}o em Engenharia El{\'{e}}trica com {\^{E}}nfase em Sistemas e Computa{\c{c}}{\~{a}}o},
year={2008}
}

@mastersthesis{araujo1986,
address={Rio de Janeiro},
author={Fonseca, Rodrigo Jardim Monteiro da},
pages={130},
school={Faculdade de Engenharia, UERJ},
title={Modelagem conceitual da esta{\c{c}}{\~{a}}o fotogram{\'{e}}trica digital educacional E-FOTO usando UML, Padr{\~{o}}es e Aspectos},
type={Mestrado em Engenharia da Computa{\c{c}}{\~{a}}o},
year={2008}
}

@misc{sensorfig,
 author  = "Arkarjun1",
 title   = "Remote Sensing",
 year    = "2013",
 urlseen = "03-12-19",
 url     = "https://commons.wikimedia.org/wiki/File:Remote_Sensing_Illustration.jpg#filelinks"
}